<record><leader>00000cas a22000007a 4500</leader><controlfield tag="001">1553846</controlfield><controlfield tag="008">750817d1uuu19uunyumr ne      0    0eng d</controlfield><datafield ind1=" " ind2=" " tag="010"><subfield code="a">sn 93062871 </subfield></datafield><datafield ind1=" " ind2=" " tag="040"><subfield code="a">MUL</subfield><subfield code="b">eng</subfield><subfield code="c">MUL</subfield><subfield code="d">OCL</subfield><subfield code="d">YOX</subfield><subfield code="d">OCLCQ</subfield><subfield code="d">OCLCF</subfield><subfield code="d">OCLCO</subfield></datafield><datafield ind1=" " ind2=" " tag="019"><subfield code="a">826182737</subfield></datafield><datafield ind1="1" ind2=" " tag="029"><subfield code="a">AU@</subfield><subfield code="b">000025874330</subfield></datafield><datafield ind1=" " ind2=" " tag="042"><subfield code="a">msc</subfield></datafield><datafield ind1=" " ind2=" " tag="043"><subfield code="a">n-us---</subfield></datafield><datafield ind1="0" ind2="4" tag="245"><subfield code="a">The Challenge of youth.</subfield></datafield><datafield ind1=" " ind2=" " tag="260"><subfield code="a">New York [N.Y.] :</subfield><subfield code="b">National Council Young People's Socialist League of America</subfield></datafield><datafield ind1=" " ind2=" " tag="300"><subfield code="a">v.</subfield></datafield><datafield ind1=" " ind2=" " tag="310"><subfield code="a">Monthly,</subfield><subfield code="b">&lt;Apr. 1940-Mar. 1941&gt;</subfield></datafield><datafield ind1=" " ind2=" " tag="321"><subfield code="a">Monthly,</subfield><subfield code="b">&lt;June 1939&gt;</subfield></datafield><datafield ind1=" " ind2=" " tag="321"><subfield code="a">Semimonthly,</subfield><subfield code="b">&lt;July 1939-Feb. 15, 1940&gt;</subfield></datafield><datafield ind1=" " ind2=" " tag="515"><subfield code="a">N. ser. vol. 4 no. 1-3 omitted in numbering; [ser. 3] vol. 1 no. 1 (June 1940) also called vol. 4 no. 6.</subfield></datafield><datafield ind1=" " ind2=" " tag="550"><subfield code="a">Organ of the Young People's Socialist League (Fourth International).</subfield></datafield><datafield ind1=" " ind2=" " tag="588"><subfield code="a">Description based on: Vol. 3, no. 7 (July 1, 1939)=whole no. 16.</subfield></datafield><datafield ind1=" " ind2="0" tag="650"><subfield code="a">Socialism and youth</subfield><subfield code="z">United States</subfield><subfield code="v">Newspapers.</subfield></datafield><datafield ind1=" " ind2="0" tag="650"><subfield code="a">World War, 1939-1945</subfield><subfield code="v">Newspapers.</subfield></datafield><datafield ind1=" " ind2="7" tag="655"><subfield code="a">Newspapers.</subfield><subfield code="2">fast</subfield><subfield code="0">(OCoLC)fst01423814</subfield></datafield><datafield ind1="2" ind2="7" tag="611"><subfield code="a">World War (1939-1945)</subfield><subfield code="2">fast</subfield><subfield code="0">(OCoLC)fst01180924</subfield></datafield><datafield ind1=" " ind2="7" tag="648"><subfield code="a">1939 - 1945</subfield><subfield code="2">fast</subfield></datafield><datafield ind1=" " ind2="7" tag="650"><subfield code="a">Socialism and youth.</subfield><subfield code="2">fast</subfield><subfield code="0">(OCoLC)fst01123706</subfield></datafield><datafield ind1=" " ind2="7" tag="651"><subfield code="a">United States.</subfield><subfield code="2">fast</subfield><subfield code="0">(OCoLC)fst01204155</subfield></datafield><datafield ind1="2" ind2=" " tag="710"><subfield code="a">Young People's Socialist League.</subfield></datafield><datafield ind1=" " ind2=" " tag="752"><subfield code="a">United States</subfield><subfield code="b">New York</subfield><subfield code="c">New York</subfield><subfield code="d">New York.</subfield></datafield></record>